<record><leader>00000cas a22000007a 4500</leader><controlfield tag="001">20696889</controlfield><controlfield tag="008">891127d19041905nduwr ne      0    0eng d</controlfield><datafield ind1=" " ind2=" " tag="010"><subfield code="a">sn 89074407 </subfield></datafield><datafield ind1=" " ind2=" " tag="040"><subfield code="a">NOP</subfield><subfield code="b">eng</subfield><subfield code="c">NOP</subfield><subfield code="d">MN#</subfield><subfield code="d">OCLCQ</subfield></datafield><datafield ind1=" " ind2=" " tag="042"><subfield code="a">msc</subfield></datafield><datafield ind1="0" ind2="0" tag="245"><subfield code="a">Grand Forks courier.</subfield></datafield><datafield ind1=" " ind2=" " tag="260"><subfield code="a">City of Grand Forks, N.D. :</subfield><subfield code="b">B.O. Seymour</subfield></datafield><datafield ind1=" " ind2=" " tag="300"><subfield code="a">2 v. :</subfield><subfield code="b">ill. ;</subfield><subfield code="c">53 cm.</subfield></datafield><datafield ind1=" " ind2=" " tag="310"><subfield code="a">Weekly</subfield></datafield><datafield ind1="0" ind2=" " tag="362"><subfield code="a">Vol. 1, no. 1 (Feb. 26, 1904)-v. 2, no. 45 (Dec. 28, 1905).</subfield></datafield><datafield ind1=" " ind2=" " tag="530"><subfield code="a">Available on microfilm from the State Historical Society of North Dakota.</subfield></datafield><datafield ind1=" " ind2=" " tag="752"><subfield code="a">United States</subfield><subfield code="b">North Dakota</subfield><subfield code="c">Grand Forks</subfield><subfield code="d">Grand Forks.</subfield></datafield><datafield ind1="0" ind2="0" tag="780"><subfield code="t">East Grand Forks courier</subfield><subfield code="w">(DLC)sn 90060749</subfield></datafield><datafield ind1="0" ind2="7" tag="785"><subfield code="t">Weekly times (Grand Forks, N.D. : 1903)</subfield></datafield><datafield ind1="0" ind2="7" tag="785"><subfield code="t">Weekly times and Grand Forks courier</subfield><subfield code="w">(DLC)sn 89074397</subfield></datafield></record>